@Book{brooks1995mythical,
  title={The Mythical Man-Month: Essays on Software Engineering, Anniversary Edition, 2/E},
  author={Brooks Jr, Frederick P},
  year={1995},
  publisher={Pearson Education India}
}

@misc{golang,
  author = {Go Team},
  title = {{Golang}},
  howpublished = "\url{https://golang.org/}",
  note = "[Online; accessed 06-February-2018]"
}