@inproceedings{oman1992metrics,
  title={Metrics for assessing a software system's maintainability},
  author={Oman, Paul and Hagemeister, Jack},
  booktitle={Software Maintenance, 1992. Proceerdings., Conference on},
  url="http://ieeexplore.ieee.org/abstract/document/242525/",
  pages={337--344},
  year={1992},
  organization={IEEE}
}

@inproceedings{pfleeger1990framework,
  title={A framework for software maintenance metrics},
  author={Pfleeger, Shari Lawrence and Bohner, Shawn A},
  booktitle={Software Maintenance, 1990, Proceedings., Conference on},
  url="http://ieeexplore.ieee.org/document/131381/",
  pages={320--327},
  year={1990},
  organization={IEEE}
}

@Article{horqwitz1986sodos,
  title={SODOS: a software documentation support environment - its definition},
  author={Horqwitz, Ellis and Williamson, Ronald C},
  journal={IEEE Transactions on Software Engineering},
  url="http://ieeexplore.ieee.org/abstract/document/6312987/",
  number={8},
  pages={849--859},
  year={1986},
  publisher={IEEE}
}

@book{martin1983software,
  title={Software maintenance: the problem and its solutions},
  author={Martin, James and McClure, Carma},
  year={1983},
  publisher={Prentice-Hall}
}

@inproceedings{sharpley1977software,
  title={Software maintenance planning for embedded computer systems},
  author={Sharpley, WK},
  booktitle={Proceedings of the IEEE COMPSAC},
  pages={520--526},
  year={1977}
}

@Book{penedo1984integrated,
  title={Integrated Project Master Database (PMDB)},
  author={Penedo, MH and Stuchle, ED},
  year={1984},
  publisher={TRW}
}

@Article{li1993maintenance,
  title={Maintenance metrics for the object oriented paradigm},
  author={Li, Wei and Henry, Sallie},
  booktitle={Software Metrics Symposium, 1993. Proceedings., First International},
  url="http://ieeexplore.ieee.org/document/263801/",
  pages={52--60},
  year={1993},
  organization={IEEE}
}

@Article{oman1992definition,
  title={A definition and taxonomy for software maintainability},
  author={Oman, P and Hagemeister, J and Ash, D},
  journal={Moscow, ID, USA, Tech. Rep},
  pages={91--08},
  year={1992}
}

@Article{lientz1978characteristics,
  title={Characteristics of application software maintenance},
  author={Lientz, Bennet P and Swanson, E. Burton and Tompkins, Gail E},
  journal={Communications of the ACM},
  url="https://dl.acm.org/citation.cfm?id=359522",
  volume={21},
  number={6},
  pages={466--471},
  year={1978},
  publisher={ACM}
}

@Article{basili1983empirical,
  title={An empirical study of a syntactic complexity family},
  author={Basili, Victor R. and Hutchens, David H.},
  journal={IEEE Transactions on Software Engineering},
  url="http://ieeexplore.ieee.org/abstract/document/1703113/",
  number={6},
  pages={664--672},
  year={1983},
  publisher={IEEE}
}

@Article{peercy1981software,
  title={A software maintainability evaluation methodology},
  author={Peercy, David E.},
  journal={IEEE Transactions on Software Engineering},
  url="http://ieeexplore.ieee.org/abstract/document/1702852/",
  number={4},
  pages={343--351},
  year={1981},
  publisher={IEEE}
}

@inproceedings{selby1989software,
  title={Software metric classification trees help guide the maintenance of large-scale systems},
  author={Selby, Richard W and Porter, Adam A},
  booktitle={Software Maintenance, 1989., Proceedings., Conference on},
  url="http://ieeexplore.ieee.org/abstract/document/65202/",
  pages={116--123},
  year={1989},
  organization={IEEE}
}

@Article{kafura1987use,
  title={The use of software complexity metrics in software maintenance},
  author={Kafura, Dennis and Reddy, Geereddy R.},
  journal={IEEE Transactions on Software Engineering},
  url="http://ieeexplore.ieee.org/abstract/document/1702219/",
  number={3},
  pages={335--343},
  year={1987},
  publisher={IEEE}
}

@Article{omen1992construction,
  title={Construction and Validation of Polynomials for Predicting Software Maintainability},
  author={Omen, P and Hagemeister, J},
  journal={Software Engineering Test Lab, University of Idaho, Moscow, ID},
  year={1992}
}


@Article{iee1990ieee,
  title={IEEE standard glossary of software engineering terminology},
  url="http://ieeexplore.ieee.org/document/159342/",
  author={IEEE},
  year={1990}
}

@Book{halstead1977elements,
  title={Elements of software science},
  author={Halstead, Maurice Howard},
  url="https://dl.acm.org/citation.cfm?id=540137",
  volume={7},
  year={1977},
  publisher={Elsevier New York}
}

@Article{mccabe1976complexity,
  title={A complexity measure},
  author={McCabe, Thomas J},
  journal={IEEE Transactions on software Engineering},
  url="http://ieeexplore.ieee.org/abstract/document/1702388/",
  number={4},
  pages={308--320},
  year={1976},
  publisher={IEEE}
}

@Article{henry1981software,
  title={Software structure metrics based on information flow},
  author={Henry, Sallie and Kafura, Dennis},
  journal={IEEE transactions on Software Engineering},
  url="http://ieeexplore.ieee.org/abstract/document/1702877/",
  number={5},
  pages={510--518},
  year={1981},
  publisher={IEEE}
}

@Article{robillard1989interconnectivity,
  title={The interconnectivity metrics: a new metric showing how a program is organized},
  author={Robillard, Pierre N and Boloix, Germinal},
  journal={Journal of Systems and Software},
  url="http://www.sciencedirect.com/science/article/pii/0164121289900605",
  volume={10},
  number={1},
  pages={29--39},
  year={1989},
  publisher={Elsevier}
}

@Article{bail1988program,
  title={Program complexity using hierarchical abstract computers},
  author={Bail, William G and Zelkowitz, Marvin V},
  journal={Computer languages},
  url="http://www.sciencedirect.com/science/article/pii/0096055188900197",
  volume={13},
  number={3-4},
  pages={109--123},
  year={1988},
  publisher={Elsevier}
}

@Article{adamov1990proposal,
  title={A proposal for measuring the structural complexity of programs},
  author={Adamov, Rade and Richter, Lutz},
  journal={Journal of Systems and Software},
  url="http://www.sciencedirect.com/science/article/pii/016412129090066U",
  volume={12},
  number={1},
  pages={55--70},
  year={1990},
  publisher={Elsevier}
}

@Article{chidamber1994metrics,
  title={A metrics suite for object oriented design},
  author={Chidamber, Shyam R and Kemerer, Chris F},
  journal={IEEE Transactions on software engineering},
  url="http://ieeexplore.ieee.org/abstract/document/295895/",
  volume={20},
  number={6},
  pages={476--493},
  year={1994},
  publisher={IEEE}
}