@Book{brooks1995mythical,
  title={The Mythical Man-Month: Essays on Software Engineering, Anniversary Edition, 2/E},
  author={Brooks Jr, Frederick P},
  year={1995},
  publisher={Pearson Education India}
}

@misc{golang,
  author = {Go Team},
  title = {{Golang}},
  howpublished = "\url{https://golang.org/}",
  note = "[Online; accessed 06-February-2018]"
}

@Article{bachmann2009software,
  title={Software process data quality and characteristics: a historical view on open and closed source projects},
  author={Bachmann, Adrian and Bernstein, Abraham},
  booktitle={Proceedings of the joint international and annual ERCIM workshops on Principles of software evolution (IWPSE) and software evolution (Evol) workshops},
  pages={119--128},
  year={2009},
  organization={ACM}
}

@Article{strong1997data,
  title={Data quality in context},
  author={Strong, Diane M and Lee, Yang W and Wang, Richard Y},
  journal={Communications of the ACM},
  volume={40},
  number={5},
  pages={103--110},
  year={1997},
  publisher={ACM}
}

@Article{kitchenham1996software,
  title={Software quality: the elusive target [special issues section]},
  author={Kitchenham, Barbara and Pfleeger, Shari Lawrence},
  journal={IEEE software},
  volume={13},
  number={1},
  pages={12--21},
  year={1996},
  publisher={IEEE}
}

@Article{stamelos2002code,
  title={Code quality analysis in open source software development},
  author={Stamelos, Ioannis and Angelis, Lefteris and Oikonomou, Apostolos and Bleris, Georgios L},
  journal={Information Systems Journal},
  volume={12},
  number={1},
  pages={43--60},
  year={2002},
  publisher={Wiley Online Library}
}

@Article{lee2002aimq,
  title={AIMQ: a methodology for information quality assessment},
  author={Lee, Yang W and Strong, Diane M and Kahn, Beverly K and Wang, Richard Y},
  journal={Information \& management},
  volume={40},
  number={2},
  pages={133--146},
  year={2002},
  publisher={Elsevier}
}

@Article{Heinrich2007MetricsDataQuality,
  author = {Bernd Heinrich and Marcus Kaiser and Mathias Klier},
  title = {Metrics For Measuring Data Quality Foundations for an economic data quality management},
  booktitle = {{ICSOFT} 2007, Proceedings of the Second International Conference on Software and Data Technologies,
Barcelona Spain 2007},
  year = 2007,
  editor = {Joaquim Filipe and Boris Shishkov and Markus Helfert},
  pages = {87--94},
  publisher = {{INSTICC} Press},
  keywords = {Data Quality}
}

@Article{bettenburg2008makes,
  title={What makes a good bug report?},
  author={Bettenburg, Nicolas and Just, Sascha and Schr{\"o}ter, Adrian and Weiss, Cathrin and Premraj, Rahul and Zimmermann, Thomas},
  booktitle={Proceedings of the 16th ACM SIGSOFT International Symposium on Foundations of software engineering},
  pages={308--318},
  year={2008},
  organization={ACM}
}

@Article{hooimeijer2007modeling,
  title={Modeling bug report quality},
  author={Hooimeijer, Pieter and Weimer, Westley},
  booktitle={Proceedings of the twenty-second IEEE/ACM international conference on Automated software engineering},
  pages={34--43},
  year={2007},
  organization={ACM}
}

@Article{schroter2010stack,
  title={Do stack traces help developers fix bugs?},
  author={Schroter, Adrian and Schr{\"o}ter, Adrian and Bettenburg, Nicolas and Premraj, Rahul},
  booktitle={Mining Software Repositories (MSR), 2010 7th IEEE Working Conference on},
  pages={118--121},
  year={2010},
  organization={IEEE}
}

@Article{bettenburg2008extracting,
  title={Extracting structural information from bug reports},
  author={Bettenburg, Nicolas and Premraj, Rahul and Zimmermann, Thomas and Kim, Sunghun},
  booktitle={Proceedings of the 2008 international working conference on Mining software repositories},
  pages={27--30},
  year={2008},
  organization={ACM}
}

@Article{bettenburg2008duplicate,
  title={Duplicate bug reports considered harmfulâ€¦ really?},
  author={Bettenburg, Nicolas and Premraj, Rahul and Zimmermann, Thomas and Kim, Sunghun},
  booktitle={Software maintenance, 2008. ICSM 2008. IEEE international conference on},
  pages={337--345},
  year={2008},
  organization={IEEE}
}

@Article{bettenburg2012using,
  title={Using fuzzy code search to link code fragments in discussions to source code},
  author={Bettenburg, Nicolas and Thomas, Stephen W and Hassan, Ahmed E},
  booktitle={Software Maintenance and Reengineering (CSMR), 2012 16th European Conference on},
  pages={319--328},
  year={2012},
  organization={IEEE}
}

@Article{bettenburg2007quality,
  title={Quality of bug reports in Eclipse},
  author={Bettenburg, Nicolas and Just, Sascha and Schr{\"o}ter, Adrian and Wei{\ss}, Cathrin and Premraj, Rahul and Zimmermann, Thomas},
  booktitle={Proceedings of the 2007 OOPSLA workshop on eclipse technology eXchange},
  pages={21--25},
  year={2007},
  organization={ACM}
}

@Article{kim2013should,
  title={Where should we fix this bug? a two-phase recommendation model},
  author={Kim, Dongsun and Tao, Yida and Kim, Sunghun and Zeller, Andreas},
  journal={IEEE transactions on software Engineering},
  volume={39},
  number={11},
  pages={1597--1610},
  year={2013},
  publisher={IEEE}
}

@Article{rastkar2010summarizing,
  title={Summarizing software artifacts: a case study of bug reports},
  author={Rastkar, Sarah and Murphy, Gail C and Murray, Gabriel},
  booktitle={Proceedings of the 32nd ACM/IEEE International Conference on Software Engineering-Volume 1},
  pages={505--514},
  year={2010},
  organization={ACM}
}

@Article{fischer2003analyzing,
  title={Analyzing and relating bug report data for feature tracking},
  author={Fischer, Michael and Pinzger, Martin and Gall, Harald},
  booktitle={WCRE},
  volume={3},
  pages={90},
  year={2003}
}

@Article{sedano2017software,
  title={Software development waste},
  author={Sedano, Todd and Ralph, Paul and P{\'e}raire, C{\'e}cile},
  booktitle={Proceedings of the 39th International Conference on Software Engineering},
  pages={130--140},
  year={2017},
  organization={IEEE Press}
}

@Article{ikonen2010exploring,
  title={Exploring the sources of waste in kanban software development projects},
  author={Ikonen, Marko and Kettunen, Petri and Oza, Nilay and Abrahamsson, Pekka},
  booktitle={Software Engineering and Advanced Applications (SEAA), 2010 36th EUROMICRO Conference on},
  pages={376--381},
  year={2010},
  organization={IEEE}
}

@Article{Korkala2014WasteIdentification,
  author = {Mikko Korkala and Frank Maurer},
  title = {Waste identification as the means for improving communication in globally distributed agile software
development },
  journal = {The Journal of Systems and Software},
  year = 2014,
  volume = 95,
  pages = {122--140}
}

@Article{aranda2009secret,
  title={The secret life of bugs: Going past the errors and omissions in software repositories},
  author={Aranda, Jorge and Venolia, Gina},
  booktitle={Proceedings of the 31st international conference on software engineering},
  pages={298--308},
  year={2009},
  organization={IEEE Computer Society}
}

@inproceedings{just2008towards,
  title={Towards the next generation of bug tracking systems},
  author={Just, Sascha and Premraj, Rahul and Zimmermann, Thomas},
  booktitle={Visual languages and Human-Centric computing, 2008. VL/HCC 2008. IEEE symposium on},
  pages={82--85},
  year={2008},
  organization={IEEE}
}

@inproceedings{zimmermann2009improving,
  title={Improving bug tracking systems},
  author={Zimmermann, Thomas and Premraj, Rahul and Sillito, Jonathan and Breu, Silvia},
  booktitle={Software Engineering-Companion Volume, 2009. ICSE-Companion 2009. 31st International Conference on},
  pages={247--250},
  year={2009},
  organization={IEEE}
}

@inproceedings{breu2010information,
  title={Information needs in bug reports: improving cooperation between developers and users},
  author={Breu, Silvia and Premraj, Rahul and Sillito, Jonathan and Zimmermann, Thomas},
  booktitle={Proceedings of the 2010 ACM conference on Computer supported cooperative work},
  pages={301--310},
  year={2010},
  organization={ACM}
}

@techreport{breu2009appendix,
  title={Appendix to Information Needs in Bug Reports Technical Report},
  author={Breu, Silvia and Premraj, Rahul and Sillito, Jonathan and Zimmermann, Thomas},
  month={October},
  year={2009}
}

@inproceedings{baysal2013situational,
  title={Situational awareness: personalizing issue tracking systems},
  author={Baysal, Olga and Holmes, Reid and Godfrey, Michael W},
  booktitle={Proceedings of the 2013 International Conference on Software Engineering},
  pages={1185--1188},
  year={2013},
  organization={IEEE Press}
}

@inproceedings{ko2006linguistic,
  title={A linguistic analysis of how people describe software problems},
  author={Ko, Andrew J and Myers, Brad A and Chau, Duen Horng},
  booktitle={Visual Languages and Human-Centric Computing, 2006. VL/HCC 2006. IEEE Symposium on},
  pages={127--134},
  year={2006},
  organization={IEEE}
}

@inproceedings{bertram2010communication,
  title={Communication, collaboration, and bugs: the social nature of issue tracking in small, collocated teams},
  author={Bertram, Dane and Voida, Amy and Greenberg, Saul and Walker, Robert},
  booktitle={Proceedings of the 2010 ACM conference on Computer supported cooperative work},
  pages={291--300},
  year={2010},
  organization={ACM}
}

@inproceedings{ko2010power,
  title={How power users help and hinder open bug reporting},
  author={Ko, Andrew J and Chilana, Parmit K},
  booktitle={Proceedings of the SIGCHI Conference on Human Factors in Computing Systems},
  pages={1665--1674},
  year={2010},
  organization={ACM}
}

@inproceedings{herraiz2008towards,
  title={Towards a simplification of the bug report form in eclipse},
  author={Herraiz, Israel and German, Daniel M and Gonzalez-Barahona, Jesus M and Robles, Gregorio},
  booktitle={Proceedings of the 2008 international working conference on Mining software repositories},
  pages={145--148},
  year={2008},
  organization={ACM}
}

@inproceedings{panjer2007predicting,
  title={Predicting eclipse bug lifetimes},
  author={Panjer, Lucas D},
  booktitle={Proceedings of the Fourth International Workshop on mining software repositories},
  pages={29},
  year={2007},
  organization={IEEE Computer Society}
}

@techreport{x-road,
  author={Cybernetica},
  title={X-Road - A secure data exchange layer for building e-Governments},
  address={MÃ¤ealuse 2/1, Tallinn 12618, Estonia},
  year={2014},
  url={https://cyber.ee/uploads/2013/06/X-ROAD_technical_whitepaper_2014.pdf}
}

@misc{gov-uk-jira,
  author={UK Government},
  title={Health Digital Services Jira},
  url={https://jira.hds.hscic.gov.uk/}
}  

@misc{elasticsearch,
  author={Elastic Co.},
  title={ElasticSearch},
  url={https://www.elastic.co/products/elasticsearch}
} 

@misc{bugzilla,
  author={Mozilla Foundation},
  title={Bugzilla},
  url={https://www.bugzilla.org}
}

@misc{gcp,
  author={Google},
  title={Google Cloud Platform},
  url={https://cloud.google.com}
}

@inproceedings{kononenko2014dashboards,
  title={DASHboards: Enhancing developer situational awareness},
  author={Kononenko, Oleksii and Baysal, Olga and Holmes, Reid and Godfrey, Michael W},
  booktitle={Companion Proceedings of the 36th International Conference on Software Engineering},
  pages={552--555},
  year={2014},
  organization={ACM}
}

@inproceedings{baysal2014no,
  title={No issue left behind: Reducing information overload in issue tracking},
  author={Baysal, Olga and Holmes, Reid and Godfrey, Michael W},
  booktitle={Proceedings of the 22nd ACM SIGSOFT International Symposium on Foundations of Software Engineering},
  pages={666--677},
  year={2014},
  organization={ACM}
}

@inproceedings{kalliamvakou2014promises,
  title={The promises and perils of mining github},
  author={Kalliamvakou, Eirini and Gousios, Georgios and Blincoe, Kelly and Singer, Leif and German, Daniel M and Damian, Daniela},
  booktitle={Proceedings of the 11th working conference on mining software repositories},
  pages={92--101},
  year={2014},
  organization={ACM}
}

@article{sonnenburg2007need,
  title={The need for open source software in machine learning},
  author={Sonnenburg, S{\~A}{\c{k}}ren and Braun, Mikio L and Ong, Cheng Soon and Bengio, Samy and Bottou, Leon and Holmes, Geoffrey and LeCun, Yann and M{\~A}{\v{z}}ller, Klaus-Robert and Pereira, Fernando and Rasmussen, Carl Edward and others},
  journal={Journal of Machine Learning Research},
  volume={8},
  number={Oct},
  pages={2443--2466},
  year={2007}
}

@article{german2016continuously,
  title={Continuously mining distributed version control systems: an empirical study of how Linux uses Git},
  author={German, Daniel M and Adams, Bram and Hassan, Ahmed E},
  journal={Empirical Software Engineering},
  volume={21},
  number={1},
  pages={260--299},
  year={2016},
  publisher={Springer}
}

@inproceedings{dos2014deep,
  title={Deep convolutional neural networks for sentiment analysis of short texts},
  author={dos Santos, Cicero and Gatti, Maira},
  booktitle={Proceedings of COLING 2014, the 25th International Conference on Computational Linguistics: Technical Papers},
  pages={69--78},
  year={2014}
}

@article{khan2015combining,
  title={Combining lexicon-based and learning-based methods for Twitter sentiment analysis},
  author={Khan, Aamera ZH and Atique, Mohammad and Thakare, VM},
  journal={International Journal of Electronics, Communication and Soft Computing Science \& Engineering (IJECSCSE)},
  pages={89},
  year={2015},
  publisher={International Journal of Electronics, Communication and Soft Computing Science and Engineering}
}

@misc{forsby2015evaluation,
  title={Evaluation of Golang for High Performance Scalable Radio Access Systems},
  author={Forsby, Filip and Persson, Martin},
  year={2015}
}